518070,四月二日因公出诣城隍庙行香同高判簿郑长司黄广文及儒士钟子常坐庙门之下观一邑境内之溪山喜而有作 其二
695093,送黄广文之连江兼怀小江吴司马二首
700096,书报黄广台附录二首
598059,送黄广文之连江兼怀小江吴司马二首 其二
60306,送柯孝廉之巴东兼呈黄广文
655431,黄广文城外送别
596681,书报黄广台附录二首 其一
698476,四月二日因公出诣城隍庙行香同高判簿郑长司黄广文及儒士钟子常坐庙门之下观一邑境内之溪山喜而有作
635418,挽黄广思
598058,送黄广文之连江兼怀小江吴司马二首 其一
596682,书报黄广台附录二首 其二
553778,黄广文席上咏白瓷杯
469827,送柯孝廉之巴东兼呈黄广文
518069,四月二日因公出诣城隍庙行香同高判簿郑长司黄广文及儒士钟子常坐庙门之下观一邑境内之溪山喜而有作 其一
655430,黄广文为仆趣装
